<?xml version="1.0" encoding="UTF-8"?><collection xmlns="http://www.loc.gov/MARC21/slim"><record><leader>00517nam--2200181-u-4500</leader><controlfield tag="001">000053080</controlfield><controlfield tag="002">20161230</controlfield><controlfield tag="005">20161230201050</controlfield><controlfield tag="008">110105s1000------------r-----000-0-rum-d</controlfield><datafield ind1=" " ind2=" " tag="040"><subfield code="a">IFIN-HH</subfield></datafield><datafield ind1=" " ind2=" " tag="041"><subfield code="a">rum</subfield></datafield><datafield ind1=" " ind2=" " tag="080"><subfield code="a">539.216.2(043)</subfield></datafield><datafield ind1="1" ind2=" " tag="100"><subfield code="a">Popa-simil, Liviu</subfield></datafield><datafield ind1="1" ind2="0" tag="245"><subfield code="a">Caracterizarea pierderii de material in echiipamente tehnologice prin metode nucleare</subfield><subfield code="b">Rezumatul tezei</subfield><subfield code="c">Liviu popa-simil</subfield></datafield><datafield ind1=" " ind2=" " tag="260"><subfield code="a">Bucuresti</subfield><subfield code="b">Ifa</subfield><subfield code="c">1998</subfield></datafield><datafield ind1=" " ind2=" " tag="300"><subfield code="a">38P</subfield></datafield><datafield ind1=" " ind2=" " tag="852"><subfield code="a">80920</subfield><subfield code="c">539</subfield></datafield><datafield ind1=" " ind2=" " tag="CAT"><subfield code="a">Sys</subfield><subfield code="c">20110105</subfield><subfield code="h">110149</subfield></datafield></record></collection>